@BOOK{Manoj,
	author =    {Manoj Kulkarni},
	title =     {GradeBoard: A Cloud-Based Solution for a Student Grading System},
	publisher = {CSUSB - Masters Project},
	year =      {2013}
}


\urlstyle{same}
@MISC{Heroku,
    Title = {Heroku {How It Works}},
    howpublished = {\url{http://www.heroku.com/how}}
}

@MISC{MVC,
    author = {Steve Burbeck, Ph.D}, 
    Title = {MVC {How to use Model-View-Controller}},
    howpublished = {\url{http://st-www.cs.illinois.edu/users/smarch/st-docs/mvc.html}}
}

@MISC{DOM,
    Title = {DOM {Document Object Model}},
    howpublished = {\url{http://www.w3.org/DOM}}
}

@MISC{Facebook,
    Title = {Facebook {Developers}},
    howpublished = {\url{https://developers.facebook.com}}
}

@MISC{GoogleAppEngine,
    Title = {Google {Developers Academy}},
    howpublished = {\url{https://developers.google.com/appengine/training/intro/whatisgae/}}
}

@MISC{GoogleAppEngineDataStore,
    Title = {Official {Documentation of Google App Engine Java Datastore}},
    howpublished =  {\url{https://developers.google.com/appengine/docs/java/datastore/}}
}

@MISC{JqueryMobile,
    Title = {JQuery {Mobile 1.2 Reference Document}},
    howpublished =  {\url{http://www.jquerymobile.com/demos/1.2.0/docs/about/features.html}}
}

@MISC{Java,
  Title =  {Official {Java Technology Document}},
  howpublished = {\url{http://www.java.com/en/download/faq/whatis_java.xml}}
}

@MISC{JQuery,
    Title = {JQuery {Official Document}},
   howpublished =  {\url{http://www.jquery.com/}}
}

@MISC{w3,
    Title =  { {W3C} community},
    howpublished = {\url{http://www.w3.org/TR/REC-html40/}}
}

@MISC{uml,
    Title =   {Unified {Modeling Language}},
    howpublished = {\url{http://www-01.ibm.com/software/rational/uml/}}
}
@MISC{MicrosoftAzure,
    Title =  {Windows {Azure}},
    howpublished =  {\url{http://www.windowsazure.com/en-us/develop/overview/}}
}

@MISC{AWS,
    Title =  {Amazon {Web Services}},
    howpublished =  {\url{http://aws.amazon.com/}}
}

@MISC{Android,
    Title = {Android {Mobile Computing Platform}},
    howpublished =  {\url{http://developer.android.com/about/index.html}}
}

@MISC{IOS,
    Title =  {{Developer for IOS - Apple Developer}},
   howpublished =  {\url{https://developer.apple.com/technologies/ios/}}
}

@MISC{Heroku,
    Title =  {Heroku},
    howpublished =  {\url{http://www.heroku.com/}}
}

@MISC{https,
    Title =  {HTTP Secure Node.js},
    howpublished =  {\url{http://nodejs.org/api/https.html}}
}


@MISC{NoSql,
    Title =   {NoSQL Database},
   howpublished = {\url{http://nosql-database.org/}}
}

@MISC{json,
    Title =  {JSON},
    howpublished =  {\url{http://www.json.org/}}
}

@MISC{Ajax,
    Title =   {Jquery Ajax},
    howpublished =  {\url{http://api.jquery.com/jQuery.ajax/}}
}

@MISC{Indexes,
    Title = {Index Overview - MongoDB},
    howpublished =  {\url{http://docs.mongodb.org/manual/core/indexes/}
}


@MISC{API,
    Title =  {Glossary},
    howpublished =  {\url{http://technet.microsoft.com/en-us/library/bb742416.aspx}}
}

@MISC{bootstrap,
    Title =  {Bootstrap},
    howpublished =  {\url{http://twitter.github.com/bootstrap/}}
}

@MISC{mongodb,
    Title =  {MongoDB {Agile and Scalable}},
    howpublished =  {\url{http://www.mongodb.org/}}
}

@MISC{mongolab,
    Title =  {MongoLab},
    howpublished =  {\url{http://www.mongodb.org/}}
}

@MISC{github,
    Title =  {GitHub},
    howpublished =  {\url{https://github.com/}}
}

@MISC{nodejs,
    Title =  {Node.js {Manual and Documentation}},
    howpublished =  {\url{http://nodejs.org/api/}}
}




